
% BibTeX Entries
@book{Leroux:2014,
	author = {Leroux, Nicolas and Sietse de Kaper},
	isbn = {9781617290909},
	publisher = {Manning Publications Co.},
	title = {Play for Java},
	year = {2014},
}

@misc{studentportalunpar,
	author = {Biro Teknologi Informasi UNPAR},
	title = {Student Portal UNPAR},
	howpublished = "\url{https://studentportal.unpar.ac.id}",
	year = {2012}, 
	note = "[Online; diakses 1-Juli-2015]"
}

@misc{jsoup,
	author = {Jonathan Hedley},
	title = {jsoup},
	howpublished = "\url{http://jsoup.org}",
	year = {2009-2015}, 
	note = "[Online; diakses 1-Juli-2015]"
}

@misc{devtools,
	author = {Google},
	title = {Chrome DevTools},
	howpublished = "\url{https://developer.chrome.com/devtools}",
	year = {2013}, 
	note = "[Online; diakses 1-Juli-2015]"
}

@misc{siamodels,
	author = {Pascal Alfadian},
	title = {SIA Models},
	howpublished = "\url{https://github.com/pascalalfadian/SIAModels}",
	year = {2015}, 
	note = "[Online; diakses 1-Juli-2015]"
}