
% BibTeX Entries
@book{Leroux:2014,
	author = { Nicolas Leroux and Sietse de Kaper},
	isbn = {9781617290909},
	publisher = {Manning Publications Co.},
	title = {Play for Java},
	year = {2014}
}

@book{Meyer:2012,
	author = { Eric A. Meyer},
	isbn = {9781449342494},
	publisher = {O'Reilly Media},
	title = {Selectors, Specificity, and the Cascade},
	year = {2012}
}

@book{BTI:2012,
	author = "{Biro Teknologi Informasi UNPAR}",
	publisher = {Biro Teknologi Informasi UNPAR},
	title = {Buku Panduan Layanan TIK 2012},
	year = {2012}
}

@misc{studentportalunpar,
	author = "{Biro Teknologi Informasi UNPAR}",
	title = "{Portal Akademik Mahasiswa}",
	howpublished = "\url{https://studentportal.unpar.ac.id}",
	year = {2012}, 
	note = "[Online; diakses 1-Juli-2015]"
}

@misc{jsoup,
	author = {Jonathan Hedley},
	title = "{jsoup: Java HTML Parser}",
	howpublished = "\url{http://jsoup.org}",
	year = {2009-2015}, 
	note = "[Online; diakses 1-Juli-2015]"
}

@misc{devtools,
	author = {Google},
	title = "{Chrome DevTools}",
	howpublished = "\url{https://developer.chrome.com/devtools}",
	year = {2013}, 
	note = "[Online; diakses 1-Juli-2015]"
}

@misc{siamodels,
	author = {Pascal Alfadian},
	title = "{SIA Models}",
	howpublished = "\url{https://github.com/pascalalfadian/SIAModels}",
	year = {2015}, 
	note = "[Online; diakses 1-Juli-2015]"
}

@misc{prasyaratIT,
	author = "{Program Studi Teknik Informatika}",
	title = "{Prasyarat Mata Kuliah Semester Ganjil 2015/2016}",
	howpublished = "\url{https://tinyurl.com/lionov}",
	year = {2015}, 
	month = "{Juli}",
	note = "[Online; diakses 1-Juli-2015]"
}

@inproceedings{Vargiu:2013,
	 address              = {Barcelona,Spain},
	 author               = {Vargiu, Eloisa and Urru, Mirko},
	 booktitle            = {Artificial Intelligence Research},
	 pages                = {44--50},
	 title                = {Exploiting web scraping in a collaborative filtering-based approach to web advertising},
	 year                 = {2013},
 }